@online{ionos2024,
  author       = {{IONOS}},
  title        = {Software di virtualizzazione a confronto: i migliori strumenti per creare macchine virtuali},
  year         = {2024},
  url          = {https://www.ionos.it/digitalguide/server/configurazione/software-di-virtualizzazione-a-confronto/},
  note         = {Ultimo accesso: 5 luglio 2025},
}

@online{dockerLXC,
  author       = {{Docker}},
  title        = {LXC vs Docker},
  year         = {2013},
  url          = {https://www.docker.com/blog/lxc-vs-docker/},
  note         = {Accessed: 2025-07-06}
}

@online{frr-docs,
  title     = {FRRouting Official Documentation},
  year      = {2025},
  url       = {https://docs.frrouting.org/},
  urldate   = {2025-07-04},
  note      = {Accessed: 2025-07-04}
}

@online{openfrr2024,
  title     = {FRRouting Project - Overview},
  year      = {2025},
  url       = {https://frrouting.org/},
  urldate   = {2025-07-04},
  note      = {Accessed: 2025-07-04}
}

@online{gobgp-docs,
  title     = {GoBGP Documentation},
  year      = {2025},
  url       = {https://osrg.github.io/gobgp/},
  urldate   = {2025-07-04},
  note      = {Accessed: 2025-07-04}
}

@online{gobgp-api,
  title     = {GoBGP API and Configuration Reference},
  year      = {2025},
  url       = {https://osrg.github.io/gobgp/docs/reference/},
  urldate   = {2025-07-04},
  note      = {Accessed: 2025-07-04}
}

@online{rfc1930,
  author    = {Hawkinson, John and Bates, Tony},
  title     = {Guidelines for creation, selection, and registration of an Autonomous System},
  year      = {1996},
  url       = {https://datatracker.ietf.org/doc/html/rfc1930},
  note      = {RFC 1930, IETF},
}

@online{iana_RIR,
  author = {{Internet Assigned Numbers Authority}},
  title = {{IANA} Number Resources},
  year = {2024},
  url = {https://www.iana.org/numbers},
  note = {Accessed July 5, 2025}
}

@online{cloudflareAS,
  author    = {{Cloudflare, Inc.}},
  title     = {What is an Autonomous System?},
  year      = {n.d.},
  url       = {https://www.cloudflare.com/learning/network-layer/what-is-an-autonomous-system/},
  note      = {Accessed: 2025-07-05}
}

@online{rfc6996,
  author    = {J. Mitchell and J. G. Scudder},
  title     = {Autonomous System (AS) Reservation for Private Use},
  year      = {2011},
  date      = {2011-07},
  url       = {https://datatracker.ietf.org/doc/html/rfc6996},
  note      = {RFC 6996, IETF},
  institution = {Internet Engineering Task Force (IETF)}
}
